03560430 igloo http://farm4.static.flickr.com/3256/3248686924_47e06b440d.jpg
02358890 rock_squirrel http://webzoom.freewebs.com/eaglerocktrade/GreyFox.bmp
02325722 eastern_cottontail http://170.63.97.68/dfwele/dfw/habitat/grants/lip/images/cottontail.jpg
00006484 cell http://bp1.blogger.com/_74uDsZgRJKs/RpKvEyJiWaI/AAAAAAAAAZ0/NYJxix6ECUA/s200/cellula+sintetica.jpg
07828642 vanilla_bean http://farm4.static.flickr.com/3216/2680158305_cf8902c3c2.jpg
12469517 herb_Paris http://www.valdaveto.net/immagini/fiori/paris_quadrifolia_2_small__copyright_(c)_Giorgio_Venturini.jpg
04317420 stick http://farm1.static.flickr.com/52/125739543_ee6552423f.jpg
03447358 golliwog http://farm5.static.flickr.com/4085/5066334961_4deed5c537.jpg
02283201 moth http://www.na.fs.fed.us/spfo/pubs/fidls/gypsymoth/figure10.jpg
02127381 Canada_lynx http://upload.wikimedia.org/wikipedia/commons/thumb/4/44/Rotluchs2.jpg/300px-Rotluchs2.jpg
12074867 bee_orchid http://www.orchidee-poitou-charentes.org/IMG/jpg/03-9koDSC_3077-priaire-rdc.jpg
02358584 suslik http://christian.kerihuel.free.fr/autriche/souslmini5355.jpg
01561452 redstart http://borderland-tours.com/v2/images/stories/borderland/gallery_photos/oaxaca/slate-throated%20redstart.jpg
02004855 wood_ibis http://farm1.static.flickr.com/50/139404756_f3993029c5.jpg
05581932 cuticle http://farm5.static.flickr.com/4011/4451884699_5366834c92.jpg
03180011 desktop_computer http://static.flickr.com/48/116291093_a936c20ea0.jpg
07803310 buckwheat http://www.autokrafters.com/v4files/llite/buckwheat%201502h.jpg
03004275 chamberpot http://www.pre-construct.com/Sites/Images/Bedford/Fig11.jpg
02732072 aquarium http://farm1.static.flickr.com/108/367272613_914ccd170c.jpg
07765999 jujube http://www.firstfreshfruit.com/fruitall.files/image036.jpg
12058822 common_spotted_orchid http://farm2.static.flickr.com/1062/528155101_1ee23e5691.jpg
04553703 washbasin http://farm4.static.flickr.com/3226/3085090862_2b147dca33.jpg
02481500 silverback http://static.flickr.com/2207/1984567253_ed7959120a.jpg
02698634 alpenstock http://www.asocoa.com/tienda/uploads/47761baston.jpg
14915184 ice http://farm3.static.flickr.com/2572/4204618426_f50a4d36b4.jpg
11937446 willow_aster http://bid-green.com/photos/md/aster_praealtus_1.jpg
10806113 zoo_keeper http://www.animalschool.net/images/2007/Megh-greeting-Shona.jpg
03226375 double-breasted_jacket http://www.waughgroup.com/ProdImages/1518_small.JPG
01440764 tench http://www.dlst.co.uk/blog/uploaded_images/tenchrig-740148.jpg
12918609 sun_spurge http://farm4.static.flickr.com/3099/2577256929_987c7c35d5.jpg
03836451 nut_and_bolt http://farm2.static.flickr.com/1246/1244572119_d295cfb493.jpg
09620078 inhabitant http://farm4.static.flickr.com/3015/3103761514_ff150d6eb1.jpg
03472232 gymnastic_apparatus http://aiyafitness.com/pics-inv-n/f126.jpg
05451384 lymphocyte http://vettech.nvri.gov.tw/upload/hs/85-4.jpg
07921834 scrumpy http://www.ratebeer.com/beerimages/36709.jpg
01423302 coccidium http://www.enpevet.de/ContentSharing/Image.aspx?mediaid=3aae5f61-8f61-11df-ba25-73f5125785b0
04194127 shin_guard http://www.black-eagle.co.uk/images/shin_instep_protector.jpg
01565930 wren_warbler http://www.toledo-bend.us/gallery/finch/IMG_4403wT.JPG
03775071 mitten http://farm1.static.flickr.com/43/138203660_460ffc7a3f.jpg
07801779 alfalfa http://www.tsxxw.com/UploadFiles/200991312350504.jpg
10634849 speedskater http://www.cyberskate.com/images/olympics03/skater12.jpg
09703485 limey http://the-sun.on.cc/channels/ent/20070420/img/se17042092_big.jpg
02374451 horse http://farm3.static.flickr.com/2087/2195927389_b54784ffbf.jpg
11609684 nut_pine http://farm1.static.flickr.com/211/508645668_ac7213f81a.jpg
10034201 drinker http://static.flickr.com/3495/3713512729_ef9a0298bf.jpg
04495555 Tudor_arch http://static.flickr.com/3135/2693881608_3831b50616.jpg
07933154 tea_bag http://farm4.static.flickr.com/3445/3185792072_decc5ae727.jpg
02022684 shorebird http://farm2.static.flickr.com/1437/561937187_72163dd50d.jpg
10525617 retiree http://farm4.static.flickr.com/3487/3725412554_1d50043bac.jpg
04536595 viola_da_gamba http://website.lineone.net/~rod.sally/Images/Rose_1.jpg
10602985 sister http://farm3.static.flickr.com/2407/1617725027_ba54d8b25a.jpg
01630670 common_newt http://torontozoo.com/images/animals/newt.JPG
07698401 bacon-lettuce-tomato_sandwich http://www.penzeys.com/images/recipes/blt-wraps.jpg
03232543 drain_basket http://www.alinebyadvancetabco.com/product_images/trend_adjoined_photo.jpg
07734417 plum_tomato http://www.fredsgrocerylist.com/wp-content/uploads/2008/08/plum-tomato1.jpg
11636204 Japanese_cedar http://www.richmond.edu/~jhayden/conifers/cryptomeria_japonica_2s.JPG
01540233 grosbeak http://farm2.static.flickr.com/1388/566280636_c2d648a42d.jpg
03393761 freewheel http://www.danscomp.com/images/products/mid_461085.gif
07930433 pina_colada http://farm3.static.flickr.com/2578/4213063557_34d410c8c4.jpg
05450617 histiocyte http://pathweb.uchc.edu/eAtlas/Images/HEM/5684b.gif
02682811 aerial_torpedo http://farm3.static.flickr.com/2316/2308741928_55f3850fdf.jpg
02469914 primate http://farm2.static.flickr.com/1137/1461703206_8a8f72c633.jpg
03862676 oven http://farm3.static.flickr.com/2080/2091852710_3f64f63a3d.jpg
02111626 spitz http://farm2.static.flickr.com/1324/582534583_c172f3cb19.jpg
10462751 power_worker http://farm3.static.flickr.com/2155/2228124991_bac8f00f2f.jpg
03736970 mechanical_device http://www.sacmaq.com/img/f_lij_calibradora_concept.jpg
07685918 black_bread http://farm3.static.flickr.com/2661/3812613383_d3f4d716e0.jpg
10500419 queen_consort http://upload.wikimedia.org/wikipedia/commons/f/ff/IsabellaII.png
12651611 pear http://farm1.static.flickr.com/140/348712640_2e2083e721.jpg
04501947 turret http://farm4.static.flickr.com/3099/2709386257_07ace90449.jpg
02016358 gallinule http://farm1.static.flickr.com/12/15346343_d53dd9de19.jpg
07754684 jackfruit http://farm3.static.flickr.com/2338/2115829947_75d6b95598.jpg
03982232 pool_ball http://farm4.static.flickr.com/3146/2516536994_aa4369a1de.jpg
03201035 dining-room_table http://www.muskokafurniture.net/images/dining/dining_premium.jpg
03673027 liner http://farm3.static.flickr.com/2310/2100606748_d17fa99053.jpg
03480579 halter http://farm2.static.flickr.com/1430/1215649330_aaa13537d8.jpg
10560106 schoolmate http://farm1.static.flickr.com/89/252444599_df0ce1e6e8.jpg
02418465 mountain_goat http://farm3.static.flickr.com/2320/2081948592_1b47ea2f6b.jpg
04595285 wire_matrix_printer http://large-format-printers.org/latex-inks_water-based-inks_LOD_lactate-inks_eco-solvent-inks_mild-solvent-inks_lite-solvent-inks_bio-solvent/Epson_StylusPro_GS_6000_18.jpg
02395406 hog http://www.agrifutures.nl/images/layout/varkens-varken01.jpg
04486054 triumphal_arch http://farm4.static.flickr.com/3001/2579739378_e6f784780e.jpg
03425413 gas_pump http://farm4.static.flickr.com/3227/3120789587_23bdb75298.jpg
02873520 boot http://farm2.static.flickr.com/1277/727848880_4b2f4fa492.jpg
01900150 hair http://img2.timeinc.net/people/i/2007/stylewatch/blog/070312/beyonce_400x300.jpg
02220055 pharaoh_ant http://scottthong.files.wordpress.com/2006/12/pharaohantcredit_w200.jpg
02579557 pompano http://www.gulfbreezeguideservice.com/images%20for%20gulf%20breeze%20guide%20service/photos%20for%20gallery/Stephen%20Larson,%20lovely%20Halloween%20pompano.JPG
10173410 heroine http://farm3.static.flickr.com/2239/2387850612_66303bb3d2.jpg
03443149 goalpost http://farm1.static.flickr.com/179/470403147_a1c914a6fd.jpg
04557751 water_butt http://www.stewartcompany.co.uk/images/product-images/water-butt-diverter.jpg
02451415 tayra http://upload.wikimedia.org/wikipedia/commons/thumb/e/e2/Giantotter.jpg/230px-Giantotter.jpg
01841679 wryneck http://www.nature-shetland.co.uk/naturelatest/pics/Tree%20Pipit%201.JPG
04232153 skullcap http://farm4.static.flickr.com/3116/2752192686_c099e6a9e1.jpg
07868340 fried_rice http://farm2.static.flickr.com/1051/1471752336_016e5d40c9.jpg
09830629 backpacker https://www.bearcreeksuv.com/images/250_utahhiker.jpg
02710201 android http://virtuxweb.com/wp-content/uploads/2007/12/robotlego.jpg
07586718 pepper_pot http://www.clandestinodining.org/wp-content/uploads/2009/10/apple-celery-root-soup.jpg
02669723 academic_gown http://review.ucsc.edu/summer.97/P2510.GIF
10359546 Nobelist http://farm1.static.flickr.com/52/149671997_e2efda0729.jpg
02233338 cockroach http://farm3.static.flickr.com/2270/2858032754_d6ba8d945e.jpg
03938522 pillow_lace http://farm2.static.flickr.com/1170/749478998_8946ea50ab.jpg
