03629520 kylix http://www.ceramicstudies.me.uk/hgrafs06/ch69007s.gif
01754876 rattlesnake http://www.johnwasserman.com/web_photos/rattlesnake.jpg
12942572 Italian_parsley http://www.christabelle.com/wp-content/uploads/2007/06/baby-rue-for-web.jpg
04544325 wainscoting http://farm4.static.flickr.com/3080/2711488525_43451e55f8.jpg
12528974 Indian_coral_tree http://img.blog.163.com/photo/ZmEndzy22xjIq-BM3UYosw==/4551168898435614033.jpg
04348359 submersible http://www.royal-navy.mod.uk/upload/img_400/mine_20060830125932.jpg
02672831 accordion http://www.accordions.com/cia/2006/museum_accordion5.jpg
04605726 wrapping http://farm1.static.flickr.com/24/93804780_04e3212a5d.jpg
12732605 Lombardy_poplar http://www.vutrax.co.uk/imgofday/20050717_p20_1010511%20black%20poplar%20at%20ivans%20roundabout%20=%2011,4m%202005may15_15-05-02(r+mb%20id@576).jpg
03573848 insole http://ecx.images-amazon.com/images/I/41PpfBSZQAL.jpg
03111041 cornice http://farm4.static.flickr.com/3420/3698966433_378915f332.jpg
11930571 wormwood_sage http://fwpiis.mt.gov/content/29572,120,0.jpg
00021939 artifact http://farm4.static.flickr.com/3476/3269455596_62b5a8eabd.jpg
02342885 hamster http://farm1.static.flickr.com/219/502489195_826cd258cf.jpg
10577710 selling_agent http://media.point2.com/p2a/htmltext/8194/a6f5/fa2d/4991f1c59ba5915594d8/original.jpg
02166567 Hippodamia_convergens http://www.entomology.wisc.edu/sabc/images/ladybeetle_convergent.jpg
02034661 stilt http://static.flickr.com/2372/2213165015_80b3fe047d.jpg
03131669 crib http://farm2.static.flickr.com/1229/1154918930_bc74ef8ec7.jpg
02761392 automaton http://bp2.blogger.com/_pQJ70HT1tkM/R3gC5a2vaXI/AAAAAAAABH8/T15fFtFn7CA/s400/Robot+violinista.png
12676703 trumpet_honeysuckle http://farm2.static.flickr.com/1155/802265679_c8b3c77c34.jpg
03091223 connecting_room http://www.ehotelbooking.com/thailand/krabi/laplaya/images/gal3.jpg
03087069 concrete_mixer http://www.bobcat.com/publicadmin/getImage.do?id=16275&height=150
02098806 bird_dog http://www.arcticbirddog.com/Merry_Rose.jpg
04194289 ship http://farm1.static.flickr.com/55/138503050_db61c70a7c.jpg?v=0
01755740 timber_rattlesnake http://static.flickr.com/2156/1571373599_5cd6f56ed1.jpg
03853924 ordinary http://farm4.static.flickr.com/3110/2560734171_f4f999fc3f.jpg?v=0
02942349 camcorder http://www.shopindo.com/wp-images/Toshiba-Camileo-Pro-HD-Camcorder.jpg
12584191 areca http://www.housingauthority.gov.hk/hdw/content/static/images/en/aboutus/events/greenestate/sec3/8769-166.jpg
03050026 cloth_covering http://farm3.static.flickr.com/2381/1580479634_967961f1a6.jpg
11991549 dotted_gayfeather http://farm3.static.flickr.com/2053/2315471296_fef9d57467.jpg
01757901 ground_rattler http://www.healthline.com/blogs/outdoor_health/uploaded_images/rattlesnake-715769.JPG
02430830 fawn http://static.flickr.com/88/251117102_9d0e684a7a.jpg
04427559 three-dimensional_radar http://www.andinia.com/photography/sentinel.jpg
04458843 touch_screen http://static.flickr.com/2022/1552706040_88dc658936.jpg
11669921 flower http://www.VOIPBYTES.COM/wallpapers/house-flower-451083698.jpeg
03858183 otoscope http://www.clc.cl/www/imagenes/nuevo_sitio/articulos_estaticos/otitis/01.gif
10069981 executive_secretary http://farm3.static.flickr.com/2475/3662685528_51a7a16294.jpg
02428349 oryx http://farm2.static.flickr.com/1058/1393351120_46ff95b13a.jpg
04612026 yarmulke http://farm4.static.flickr.com/3284/2601547522_aac5bc6fe6.jpg
04158807 sea_boat http://www.boat-links.com/PT/PT2004/SeaPuss-3.jpg
13182164 green_spleenwort http://www.hiltonpond.org/images/SpleenwortEbonyWinter01.jpg
03418915 garlic_press http://f5c.yahoofs.com/shopping/3075336/simg_t_t20024386222002438622jpg110?rm_____DfhDpjsCt
02481823 chimpanzee http://scienceblogs.com/afarensis/upload/2006/06/Chimpanzee%20485083.jpg
10368624 nymphet http://www.ezz.cc/uploads/allimg/081221/6145I95S7-1.jpg
02887079 brace http://whatsinasmile.files.wordpress.com/2007/12/braces071203s.jpg
02625258 wahoo http://farm2.static.flickr.com/1214/1203421889_ec47d9b4a2.jpg
12084158 hooded_ladies'_tresses http://penorchidsoc.org/pics/articles/2006_NativeOrchidTour/piperiaelegans.jpg
11982115 hawkweed http://www.krc3.com/nature/wildflowers/display/5.jpg
04289027 sprinkler http://static.flickr.com/33/44433688_83181db7d3.jpg
02705429 amphora http://static.flickr.com/3182/3083519802_d5d9939c1b.jpg
03000684 chain_saw http://farm4.static.flickr.com/3277/2962241342_2ceb608459.jpg
11853813 night-blooming_cereus http://farm4.static.flickr.com/3283/2842303499_b48787b993.jpg
09415671 riverbed http://farm2.static.flickr.com/1078/1450832822_87400874f4.jpg
02115641 dingo http://farm1.static.flickr.com/146/427083047_fee29e0cf3.jpg
02004131 saddlebill http://farm3.static.flickr.com/2578/3663029296_6da9b43f77.jpg
02396014 boar http://farm1.static.flickr.com/148/362338436_98d4de479a.jpg
03272239 electric_heater http://www.quartzheater.co.uk/quartz-heaters-details/FR55-infrared-heater-big.gif
12024445 common_dandelion http://static.flickr.com/1364/955994356_d9d1c30891.jpg
03920288 Petri_dish http://kinetica-museum.org/store2/images/Balint_petri.gif
01859852 Bewick's_swan http://www.digitalnature.org/kleine%20zwanen/kleine%20zwaan4.jpg
03891051 parka https://www.zbkcorp.com/zbkq/catalog/images/cord-8012.jpg
03196062 digital_camera http://www.mushly.com/com-cerama.jpg
01589286 creeper http://farm4.static.flickr.com/3170/2742017559_eca7005b75.jpg
04518764 valise http://imgg1.store.pchome.com.tw/~prod/M01795179_sma.jpg
12242850 mountain_heath http://www.hillkeep.ca/images/Andromeda_polifolia_IMGP3119x_small.jpg
04410565 tenpin http://farm4.static.flickr.com/3626/3528602515_ce82940af3.jpg
09881265 bursar http://www.istitutogp2.it/Uploads/ROMANOR.jpg
03114236 costume http://farm4.static.flickr.com/3287/2993507658_7a49dcd76d.jpg
03656957 lens http://farm3.static.flickr.com/2318/2227291805_03ef49d3e6.jpg
09627906 recipient http://farm4.static.flickr.com/3565/3418788365_eab00fb9d9.jpg
01667114 mud_turtle http://www.arkive.org/media/1A5FFA50-A2AF-4EE5-A8DC-2D8A95EF38E6/Presentation.Large/photo.jpg
02136103 binturong http://farm3.static.flickr.com/2402/2062544554_d5b4618fe3.jpg
15089258 vitamin http://farm4.static.flickr.com/3160/2877132713_89f3889387.jpg
04024983 punt http://morelife.org/personal/photos2003/20030923prepunt_10_716x475_thmb.jpg
02280458 pierid http://www.k5.dion.ne.jp/~tama97/costa%20rica/costa%20rica2005_2/web%20photos/kili_others/IMG_9762-hp1n.jpg
12266217 southern_beech http://static.flickr.com/2209/2385601097_a5b30a46f0.jpg
02596067 mulloway http://www.floridalighttacklecharters.com/images/gallery_021210.jpg
02705429 amphora http://www.baozang.com/UpLoadFiles/200641982446.jpg
11748002 legume http://www.portalvegetariano.com/imagenes/soja1.jpg
03380301 footlocker http://di1.shopping.com/images1/pi/eb/fe/45/40988050-60x60-0-0_.jpg
04401949 telephone_jack http://static.flickr.com/2312/2370364860_09feb8d3d4.jpg
07936745 mineral_water http://d1.yihaodian.com/t1/2009/06/26/70262_380x380.jpg
03492922 hard_hat http://farm3.static.flickr.com/2090/2405012247_58094dff33.jpg
12268246 oak http://www.carto.net/neumann/photographs/santa_barbara_2003_09/32_oak_tree_in_sb_botanical_garden.jpg
04178190 seventy-eight http://www.videointerchange.com/images/Crazed.jpg
09834378 ball_carrier http://pic.enorth.com.cn/0/01/74/31/1743173_810438.jpg
07925608 carrot_juice http://i14.photobucket.com/albums/a308/genaz/30hy3ag.jpg
12291143 lesser_centaury http://1.bp.blogspot.com/_6iThDX7-yeQ/RyTws_lTO3I/AAAAAAAABjQ/Irdejk6TIog/s400/23.JPG
02939866 caliper http://www.fotosearch.com/bthumb/PDS/PDS156/SB10065391E-001.jpg
03207835 dishtowel http://farm4.static.flickr.com/3217/3087867871_9f0b7c448c.jpg
03724417 masher http://images5.sortprice.com/img/4868/Vez62YQ2gnSPzQmYwQ
04212165 shuttle_bus http://farm3.static.flickr.com/2110/2064128431_b675c56038.jpg
07719839 beet http://farm1.static.flickr.com/51/180030867_cd496d30ed.jpg
01456756 seahorse http://farm3.static.flickr.com/2181/1866305847_86bca9c123.jpg
09964202 copilot http://www.covingtoninnovations.com/michael/blog/0707/070726-copilot.jpg
09719794 Lao http://farm4.static.flickr.com/3664/3518142665_c5f3eff7e0.jpg
01731941 California_whipsnake http://www.californiaherps.com/snakes/images/dpamabilisscruz.jpg
07907429 rye http://farm4.static.flickr.com/3514/3988127254_cf66d14d2a.jpg
04504141 two-piece http://farm3.static.flickr.com/2274/2201203401_5cb5413ae7.jpg
07687211 white_bread http://www.deliaonline.com/Images/originals/h1080-white-bread-1-18707.jpg
